<?xml version="1.0" encoding="utf-8"?>
<record xmlns="http://www.loc.gov/MARC21/slim" xmlns:xsi="http://www.w3.org/2001/XMLSchema-instance" xsi:schemaLocation="http://www.loc.gov/MARC21/slim http://www.loc.gov/standards/marcxml/schema/MARC21slim.xsd">
	<leader>     nam a22        4500</leader>
	<controlfield tag="001">3068351</controlfield>
	<controlfield tag="003">NNC</controlfield>
	<controlfield tag="006">m        d        </controlfield>
	<controlfield tag="007">cr cn |||m|||a</controlfield>
	<controlfield tag="008">150603m18921893ua      o     000 0 ara d</controlfield>
	<datafield ind1=" " ind2=" " tag="040">
		<subfield code="a">NNU</subfield>
		<subfield code="b">eng</subfield>
		<subfield code="e">rda</subfield>
		<subfield code="c">NNU</subfield>
	</datafield>
	<datafield ind1="1" ind2=" " tag="100">
		<subfield code="6">880-01</subfield>
		<subfield code="a">Ṭarābulusī, ʻAlī ibn Khalīl,</subfield>
		<subfield code="d">-1440 or 1441.</subfield>
	</datafield>
	<datafield ind1="1" ind2="0" tag="240">
		<subfield code="6">880-02</subfield>
		<subfield code="a">Muʻīn al-ḥukkām fi-mā yataraddadu bayna al-khiṣmayn min al-aḥkām</subfield>
	</datafield>
	<datafield ind1="1" ind2="0" tag="245">
		<subfield code="6">880-03</subfield>
		<subfield code="a">Kitāb Muʻīn al-ḥukkām fīmā yataraddadu bayna al-khiṣmayn min al-aḥkām, li- ʻAlāʼ-al-Dīn Abī al-Ḥasan ʻAlī ibn Khalīl al-Ṭarābulusī al-Ḥanafī qāḍī al-Quds al-sharīf.</subfield>
		<subfield code="b">Wa-bi-hāmishihī Kitāb Lisān al-hukkām fī maʻrifat al-aḥkām,</subfield>
		<subfield code="c">taʼlīf Abī al-Walīd Ibrāhīm ibn Abī al-aman Muḥammad ibn Abī al-Faḍl Muḥammad ibn Abī al-Walīd Muḥammad ibn Ạbī al-Faḍl Muḥammad ibn Muḥammad ibn al-Shiḥnah al-Ḥanafī (... walam yutimm al-aṣla ... thumma inna baʻḍ al-afāḍil min al-ʻulamāʼ kataba takmilatahū ..., wahuwa Burhān-al-Dīn Ibrāhim al-Khālifī al-ʻAdawī).</subfield>
	</datafield>
	<datafield ind1=" " ind2=" " tag="260">
		<subfield code="6">880-04</subfield>
		<subfield code="a">[Miṣr] :</subfield>
		<subfield code="b">[al-Maṭbaʻah al-Maimanīyah]:</subfield>
		<subfield code="b">[Aḥmad al-Bābī al-Ḥalabī],</subfield>
		<subfield code="c">[1310 h., 1892/93 m.]</subfield>
	</datafield>
	<datafield ind1=" " ind2=" " tag="300">
		<subfield code="a">online resource (4, 245, 2 pages)</subfield>
	</datafield>
	<datafield ind1=" " ind2=" " tag="336">
		<subfield code="a">text</subfield>
		<subfield code="2">rdacontent</subfield>
	</datafield>
	<datafield ind1=" " ind2=" " tag="337">
		<subfield code="a">computer</subfield>
		<subfield code="2">rdamedia</subfield>
	</datafield>
	<datafield ind1=" " ind2=" " tag="338">
		<subfield code="a">online resource</subfield>
		<subfield code="2">rdacarrier</subfield>
	</datafield>
	<datafield ind1=" " ind2=" " tag="500">
		<subfield code="a">Part of the Arabic Collections Online (ACO) project, contributed by Columbia University Libraries.</subfield>
	</datafield>
	<datafield ind1=" " ind2=" " tag="533">
		<subfield code="a">Electronic reproduction.</subfield>
		<subfield code="b">New York, N.Y. :</subfield>
		<subfield code="c">New York University,</subfield>
		<subfield code="d">2015.</subfield>
		<subfield code="5">NNU</subfield>
	</datafield>
	<datafield ind1=" " ind2="0" tag="650">
		<subfield code="a">Judicial process (Islamic law)</subfield>
	</datafield>
	<datafield ind1=" " ind2="0" tag="650">
		<subfield code="a">Hanafites.</subfield>
	</datafield>
	<datafield ind1=" " ind2="7" tag="650">
		<subfield code="a">Hanafites.</subfield>
		<subfield code="2">fast</subfield>
		<subfield code="0">(OCoLC)fst00950818</subfield>
	</datafield>
	<datafield ind1=" " ind2="7" tag="650">
		<subfield code="a">Judicial process (Islamic law)</subfield>
		<subfield code="2">fast</subfield>
		<subfield code="0">(OCoLC)fst00984722</subfield>
	</datafield>
	<datafield ind1="1" ind2=" " tag="700">
		<subfield code="6">880-05</subfield>
		<subfield code="a">Ibn al-Shiḥnah, Muḥibb al-Dīn Muḥammad ibn Muḥammad,</subfield>
		<subfield code="d">1402-1485.</subfield>
		<subfield code="t">Lisān al-ḥukkām fī maʻrifat al-aḥkām.</subfield>
	</datafield>
	<datafield ind1="2" ind2=" " tag="710">
		<subfield code="a">Columbia University.</subfield>
		<subfield code="b">Libraries.</subfield>
	</datafield>
	<datafield ind1="0" ind2=" " tag="730">
		<subfield code="a">Arabic Collections Online.</subfield>
	</datafield>
	<datafield ind1="0" ind2="8" tag="776">
		<subfield code="i">Print version:</subfield>
		<subfield code="a">Ṭarābulusī, ʻAlī ibn Khalīl, -1440 or 1441.</subfield>
		<subfield code="t">Kitāb Muʻīn al-ḥukkām fīmā yataraddadu bayna al-khiṣmayn min al-aḥkām, li- ʻAlāʼ-al-Dīn Abī al-Ḥasan ʻAlī ibn Khalīl al-Ṭarābulusī al-Ḥanafī qāḍī al-Quds al-sharīf</subfield>
		<subfield code="w">(NNC)3068351</subfield>
		<subfield code="w">(OCoLC)47807656</subfield>
	</datafield>
	<datafield ind1="4" ind2="0" tag="856">
		<subfield code="u">http://hdl.handle.net/2333.1/931zctwm</subfield>
	</datafield>
	<datafield ind1="1" ind2=" " tag="880">
		<subfield code="6">100-01/r</subfield>
		<subfield code="a">طرابلسي، علي بن خليل،</subfield>
		<subfield code="d">-1440 or 1441.</subfield>
	</datafield>
	<datafield ind1="1" ind2="0" tag="880">
		<subfield code="6">240-02/r</subfield>
		<subfield code="a">معين الحكام فما يتردد بين الخصمين من الاحكام</subfield>
	</datafield>
	<datafield ind1="1" ind2="0" tag="880">
		<subfield code="6">245-03/r</subfield>
		<subfield code="a">كتاب معين الحكام فيما يتردد بين الخصمين من الاحكام، ل علاءالدين ابي الحسن علي بن خليل الطرابلسي الحنفي قاضي القدس الشريف.</subfield>
		<subfield code="b">وبهامشهي كتاب لان الهكام في معرفة الاحكام،</subfield>
		<subfield code="c">تأليف ابي الوليد ابراهيم بن ابي الامن محمد بن ابي الفضل محمد بن ابي الوليد محمد بن بي الفضل محمد بن محمد بن الشحنة الحنفي (... ولم يتم الاصل ... ثم ان بعض الافاضل من العلماء كتب تكملتهوا ...، وهو برهانالدين ابراهم الخالي العدوي).</subfield>
	</datafield>
	<datafield ind1=" " ind2=" " tag="880">
		<subfield code="6">260-04/r</subfield>
		<subfield code="a">[مصر] :</subfield>
		<subfield code="b">[المطبعة الممنية]:</subfield>
		<subfield code="b">[احمد البابي الحلبي]،</subfield>
		<subfield code="c">[1310 ه.، 1892/93 م.]</subfield>
	</datafield>
	<datafield ind1="1" ind2=" " tag="880">
		<subfield code="6">700-05/r</subfield>
		<subfield code="a">ابن الشحنة، محب الدين محمد بن محمد،</subfield>
		<subfield code="d">1402-1485.</subfield>
		<subfield code="t">لسان الحكام في معرفة الاحكام.</subfield>
	</datafield>
	<datafield ind1=" " ind2=" " tag="959">
		<subfield code="a">NNU</subfield>
		<subfield code="b">WEB</subfield>
		<subfield code="c">GENI</subfield>
		<subfield code="t">0</subfield>
		<subfield code="m">Electronic access</subfield>
		<subfield code="s">01</subfield>
	</datafield>
	<datafield ind1=" " ind2=" " tag="999">
		<subfield code="i">NNC_3068351</subfield>
		<subfield code="o">(OCoLC)ocm47807656</subfield>
		<subfield code="s">columbia_aco000418</subfield>
		<subfield code="e">(ERROR-880)</subfield>
		<subfield code="s">columbia_aco000418</subfield>
	</datafield>
</record>
